2700 4282
660 156 700 219 45

129 342 179 406 15.
216 336 290 406 άττ’
316 336 353 404 άν
379 335 683 420 ὑμεῖς’ἒξαμάρτνθ
709 338 759 404 ε’πί
783 337 817 403 τὸ
842 337 1128 420 βέλτιον-τρέπειν.

216 462 254 534 ὥς
279 460 310 526 δὲ
334 459 386 525 καί
401 464 499 525 τοῦτο
522 458 648 536 ξυνοίσει
672 461 777 544 ῥαδίως
800 460 978 539 διδάξομεν.

216 583 250 659 ήν
275 581 401 648 Κλέωνα
425 582 476 647 τὸν
500 581 591 662 λάρον
614 581 711 663 δώρων
738 581 859 654 ἑλόντες
883 582 935 669 καί
960 589 1093 666 κλοπής,

217 699 286 769 εἶτα
308 705 472 786 Φιμάσήτε
495 704 603 770 τούτου
628 707 652 767 ὐ
675 705 716 786 τῷ
739 701 821 785 ξύλῳ
844 703 895 768 τὸν
920 703 1063 784 αὐχένα,

217 822 308 898 αὖθις
331 827 361 897 ἐς
384 828 535 908 τάρχαῖον
561 826 650 911 ὑμῖν,
675 825 704 891 εί
725 850 754 891 τι
780 825 1015 908 κάξνμάρτετε,

127 949 179 1014 20.
216 947 264 1014 ε’πί
289 950 323 1015 τὸ
345 948 470 1028 βέλτιον
493 949 527 1013 τὸ
552 952 690 1030 πράγμα
714 947 865 1036 τήξπίλει
891 947 1081 1013 συνοίσεται.

649 1195 698 1258 60.
748 1241 749 1245 ,

504 1338 851 1418 Tyrannenvreffl.

498 1480 557 1549 (Ar.
577 1481 660 1552 Vesp.
681 1480 849 1551 λου-εον.)

216 1625 280 1690 Ὡς
306 1615 429 1684 ἅπανθ’
455 1621 527 1696 ήμίν
550 1620 687 1701 τυραννίς
710 1620 774 1682 ε’στι
799 1618 852 1682 καί
878 1613 1068 1697 ξυνωμόται,

217 1738 251 1814 ήν
273 1764 309 1803 τε
329 1739 450 1820 μεῖζον,
477 1738 511 1813 ήν
534 1741 562 1802 τ’
583 1739 713 1806 ἔλαττον
737 1738 876 1820 πράγμά
900 1763 945 1813 τις
972 1750 1128 1824 κατηγορῇ

216 1857 250 1934 ἧς
275 1863 336 1941 ἐγὼ
360 1864 412 1927 οὐκ
436 1861 552 1936 ἤκουσα
575 1860 695 1941 τοῦνομ’
720 1863 785 1928 οὐδὲ
811 1862 986 1938 πεντήκοντ’
1012 1864 1101 1928 ε’τῶν·

215 1988 265 2047 νῦν
289 1982 322 2047 δὲ
344 1984 448 2065 πολλῷ
472 1989 524 2049 τοῦ
548 1983 694 2065 ταρίχους
718 1982 801 2048 ἐστίν
825 1983 993 2063 άξιωτέρα·

149 2105 179 2169 5.
214 2104 292 2170 άστε
315 2105 367 2170 καί
391 2107 426 2182 δή
449 2105 571 2184 τοῦνομ’
592 2109 689 2182 αὐτῆς
718 2107 747 2171 ἐν
771 2108 872 2190 άγορρῖ
897 2105 1092 2172 κυλίνδεται.

216 2227 250 2302 ἢν
275 2227 331 2305 μὲν
356 2228 469 2303 ὠνῆταί
490 2253 537 2300 τις
560 2229 676 2309 ὀρφώς,
702 2228 890 2309 μεμβράδας
916 2228 947 2291 δὲ
971 2229 1015 2306 μή
1039 2225 1135 2312 δέλή,

216 2346 328 2422 εὐθέως
353 2348 449 2431 είρήχ’
474 2351 487 2415 ὅ
513 2355 620 2415 πωλῶν
644 2350 773 2424 πλκσίον
796 2350 855 2424 τάς
879 2349 1087 2431 μεμβράδας·

219 2467 322 2556 »οὗτος
345 2473 471 2552 ὀψωνεῖν
494 2469 571 2551 ἔοιχ’
596 2469 755 2553 άνδρωποε
781 2472 830 2537 ε’πί
855 2471 1036 2553 τυραννίδι.”

216 2592 249 2669 ήν
272 2594 303 2659 δὲ
322 2593 444 2672 γήτειον
467 2605 615 2678 προσαιτῇ
640 2618 686 2668 τις
711 2594 831 2678 άφύαις
856 2592 982 2673 ήδυσμά
1006 2619 1056 2672 τι,

128 2717 180 2782 10.
218 2718 235 2792 ή
260 2716 482 2799 λαχανόπωλις
508 2716 750 2799 παραβλέψασά
774 2723 852 2800 Φκσι
877 2715 1016 2799 θάτέριρ·

218 2837 303 2923 „ezod
327 2862 377 2917 μοι
385 2888 394 2917 ,
418 2838 540 2918 γήτειον
563 2841 680 2926 αίτείς,
705 2833 828 2920 πότερον
852 2839 901 2905 ε’πί
923 2838 1089 2921 τυραννίδες

216 2958 233 3035 ή
257 2959 387 3042 νομίζεις
410 2960 468 3034 τάς
493 2958 633 3038 Ἀθήνας
657 2961 700 3026 σοί
724 2960 828 3043 Φέρειν
854 2960 1061 3047 ήδάσματα;”

652 3178 702 3242 61.

477 3319 662 3390 Attisohe
682 3321 868 3402 Wespen.

481 3464 541 3534 (At.
559 3466 642 3536 Vesp.
665 3465 869 3535 1071-1091.)

213 3600 252 3665 Εί
273 3627 318 3674 τις
346 3602 447 3680 ὑμῶν,
473 3598 654 3680 άθεαταί,
682 3603 736 3677 τήν
762 3601 838 3680 ἐμήν
862 3600 928 3666 ίδὼν
950 3600 1045 3681 Φύσιν

212 3719 283 3788 εἶτα
305 3721 464 3806 θαυμάζει
488 3730 523 3804 μ’
548 3726 617 3807 δρῶν
640 3722 733 3802 μέσον
757 3719 1017 3807 διεσφηκωμένον,

212 3846 229 3922 ή
253 3845 300 3920 τίς
326 3848 408 3926 ήμῶν
432 3848 513 3914 ἔστιν
534 3850 551 3924 ή
576 3847 687 3915 ’πίνοια
711 3854 766 3923 τής
794 3844 998 3930 ἐγκεντρίδος,
