2700 4282
591 112 631 198 ω’

599 317 649 379 57.

279 460 412 530 'Roem
433 460 507 530 der
526 459 731 527 Athonem
749 470 832 526 van
852 453 965 524 ouda.

454 603 514 673 (Ar.
534 602 603 671 Equ.
624 601 676 656 565
691 601 793 672 4³81.)

469 737 594 806 chorus
617 737 783 826 Equitum.

165 894 347 972 Εῦλογῖςσαι
369 889 576 972 βουλόμεσθα
600 893 670 964 ποῦς
694 888 831 971 πατέρας
856 891 958 967 ἡμῶν,
982 883 1029 953 ῦτι

164 1012 269 1098 ἄνδρες
294 1011 371 1089 ἦσαν
395 1014 488 1088 τῆσδε
512 1022 567 1089 τοῖς
592 1019 650 1092 γῆς
677 1009 756 1091 ν’ίξιοι
780 1011 833 1077 καί
856 1014 909 1077 τοῦ
934 1009 1074 1088 πέπλον,

166 1133 272 1209 οίτινες
297 1136 407 1218 πεζαῖς
431 1133 588 1215 μάχαισιν
612 1131 641 1198 ἔν
665 1159 701 1199 τε
724 1134 912 1216 νανφροίκτιρ
933 1134 1054 1215 στρατῷ

166 1262 334 1339 πανταχοῦ
358 1263 493 1331 νικῶντες
519 1256 567 1322 οῖεί
591 1256 674 1332 τήνδ’
699 1254 874 1334 ἐκόσμησαν
897 1251 1003 1321 πίλιν·

124 1428 131 1445 .
168 1382 200 1447 οῦ
223 1380 287 1460 γίιρ
312 1379 406 1453 οῦδείς
430 1379 550 1445 πώποτ’
571 1380 671 1444 αῦτιῖν
692 1380 762 1450 ποῦς
787 1377 938 1451 ε’ναντίννς
963 1375 1030 1443 ίδδνν

168 1499 355 1581 ἠρίθμησεν,
379 1503 453 1566 ἀλλ’
478 1503 491 1565 ῦ
514 1500 615 1580 θνμδς
638 1498 731 1573 εῦθῦς
755 1496 789 1574 ἦν
813 1500 965 1579 οῖμννίας·

168 1625 193 1689 εί
218 1623 250 1688 δέ
274 1647 331 1688 που
354 1623 472 1688 πέσοιεν
495 1624 526 1695 ἐς
549 1624 601 1687 τὸν
623 1620 703 1700 ὦμον
726 1624 756 1686 ἐν
780 1622 873 1704 μοίχρ
897 1622 972 1699 τινί,

170 1747 253 1834 τοῦτ’
277 1744 477 1826 ἀπεψήσαντ’
502 1743 560 1822 ἄν,
586 1741 642 1811 εἶτ’
667 1748 801 1835 ἠρνοῦντο
824 1747 869 1823 μδ
894 1743 1105 1822 πεπτωκέναι,

169 1866 256 1932 οῖλλίι
280 1864 459 1932 διεπάλαιον
482 1863 592 1940 αὖθις.
616 1868 670 1957 καί
694 1869 869 1948 στρατηγὸς
893 1866 956 1931 οὐδ’
981 1865 1018 1932 διν
1043 1861 1086 1940 είς

81 1990 132 2058 10.
167 1996 226 2055 τῶν
247 1988 302 2068 πρδ
326 1992 379 2054 τοῦ
402 1987 521 2063 σίτησιν
545 1988 631 2071 ᾔτης’
653 1988 789 2070 ’ἐρόμενος
815 1989 1015 2055 Κλεαίνετον·

169 2115 219 2175 νῦν
244 2110 269 2175 δ’
292 2109 347 2175 εὀὶν
370 2110 414 2188 μὴ
438 2109 595 2192 προεδρίαν
618 2109 731 2192 φέρωσι
755 2110 808 2176 καί
832 2112 875 2176 τοί
896 2111 1000 2186 σιτία,

170 2234 203 2297 οὐ
226 2229 409 2314 μαχεῖσθαί
430 2239 547 2315 Φασιν.
574 2235 662 2311 ἡμεῖς
686 2232 712 2297 δ’
734 2231 879 2311 ἀξιοῦμεν
902 2241 940 2315 τῇ
965 2231 1053 2298 πίλει

170 2360 282 2434 προῖκα
305 2352 452 2433 γενναίως
478 2354 605 2432 ιίμῦνειν
629 2354 681 2418 καί
704 2353 788 2428 θεοῖς
812 2354 991 2435 ἐγχωρίοις·

171 2476 224 2541 καί
250 2476 321 2555 πρδς
345 2477 398 2541 οῦκ
423 2475 569 2553 αἰτοῦμεν
592 2475 691 2555 οὐδέν,
717 2478 797 2551 πλὴν
820 2476 971 2543 τοσουτονί
995 2475 1100 2555 μίνον·

84 2598 136 2666 15.
171 2597 205 2672 νῖν
229 2599 297 2663 ποτ’
312 2597 418 2685 Ἱείροῖνκ
443 2596 571 2676 γε’νκται
595 2599 646 2664 καί
672 2598 768 2665 πίνων
789 2579 1006 2679 παυσώμεθα,

173 2719 217 2797 μίν
239 2716 385 2802 φθονεῖθ’
410 2721 483 2799 ἡμῖν
506 2725 619 2800 κομῦσι
640 2722 713 2800 μηδ’
736 2721 1072 2802 ἀπεστλεγγισμένοις.

608 2939 657 3002 58.

425 3078 584 3152 Chorus
602 3078 788 3152 Nubium
808 3103 838 3151 a.

445 3227 505 3296 (Ar.
524 3227 599 3281 Nub.
620 3226 827 3298 1115-1125.)

175 3362 255 3437 Τοὺς
279 3362 384 3442 κριταῖς
408 3353 430 3427 δι
454 3361 663 3444 κερδανοῦσιν,
688 3364 778 3440 ἤντι
800 3361 887 3428 τίνδε
910 3363 962 3431 τίν
984 3364 1074 3447 χορδν

176 3486 311 3567 ὠφελοῦς’
335 3485 369 3550 ίκ
392 3490 449 3550 τῦν
474 3483 612 3563 δικαίων,
636 3482 829 3563 βουλόμεσθ’
853 3487 941 3565 ἡμεῖς
966 3487 1104 3571 φροίσοιι·

177 3611 283 3687 πρῶτον
306 3607 363 3684 μὲν
386 3605 470 3686 γοίρ,
495 3606 530 3682 ἢν
554 3611 623 3671 νοῦν
647 3606 802 3684 βούλοισθ’
828 3609 858 3672 ἐν
880 3606 942 3693 ίίρρι
964 3609 1033 3683 τοῦς
1058 3611 1183 3696 ιίγροῦς,

175 3723 287 3807 ῦσομεν
309 3727 467 3808 πρώτοισιν
490 3729 578 3807 ὑμῖν,
602 3736 679 3794 τοῖσι
703 3728 728 3792 δ’
753 3727 862 3803 ἄλλοις
886 3727 1026 3812 ὕστερον.

108 3849 139 3913 5.
174 3845 244 3916 είτα
268 3849 319 3920 τίν
341 3848 459 3931 καρπόν
480 3874 514 3916 τε
539 3851 592 3917 καί
615 3851 674 3924 τοὶς
698 3851 860 3930 οίμπέλονς
882 3851 1083 3938 Φολίξομεν,
