2700 4282
661 172 702 247 53

724 370 780 398 Γ,

220 362 303 445 ύστις
327 370 563 452 παρεκινδύνευσ
596 394 693 435 ειπειν
716 395 758 458 ενΙ
782 367 949 446 Αθήναίοις
974 371 1017 436 τοῦ
1040 360 1161 438 δίκαιον.
1228 383 1231 397 ’

165 533 168 537 ι
219 490 296 558 οῦτω
320 493 345 558 δ’
369 493 465 558 αῦτοῦ
489 491 555 573 περί
580 498 635 565 τής
659 489 778 569 τίλμής
802 492 856 568 ήδή
881 490 976 573 πύρρω
1001 492 1088 565 κλέος
1114 489 1199 570 ήκει,

130 613 185 678 20.
220 612 271 679 ύτε
287 613 339 680 καί
352 612 516 693 βασιλεύς,
530 613 780 692 Λακεδαιμονίων
792 616 846 690 τήν
860 613 1030 695 πρεσβείαν
1043 612 1232 695 βασανίζων,

220 738 369 819 ἠρώτησεν
385 738 493 818 πρῦτα
515 736 572 814 μὲν
592 736 704 809 αὐτούς
723 735 840 817 πύτεροι
860 744 932 809 ταῖς
948 736 1037 803 ναυσί
1054 741 1233 819 κρατοῦσιν·

221 854 293 925 εἶτα
314 859 345 924 δὲ
367 863 473 924 τοῦτον
497 857 549 922 τὸν
571 859 697 935 ποιητήν
721 858 862 939 ποτέρους
886 857 963 925 ε’ίποι
988 858 1075 925 κακοῦ
1094 858 1216 925 πολλοί·

220 977 345 1054 τούτους
361 980 424 1061 γὰρ
440 976 502 1064 ἔφη
514 979 585 1051 τοὺς
597 975 774 1061 ύνθρύπους
787 979 867 1045 πολὺ
879 979 1024 1058 βελτίους
1038 978 1234 1060 γενενῆσθαι

221 1102 273 1168 καὶ
294 1103 336 1184 τῷ
357 1099 482 1182 πολέμῳ
502 1100 581 1166 πολὺ
603 1101 750 1176 νικήσειν,
771 1104 876 1167 τοῦτον
896 1101 1072 1180 ξύμβουλον
1089 1099 1236 1183 ἔχοντας.

128 1225 183 1290 25.
219 1223 270 1290 δια
294 1221 390 1290 ταῦθ’
417 1225 499 1302 ύμοῦς
520 1222 756 1301 Λακεδαιμόνιοι
776 1226 830 1300 τήν
851 1224 964 1303 είρήνήν
988 1229 1235 1305 προκαλοῦνται,

196 1382 200 1387 ·
221 1352 273 1412 καί
305 1345 361 1419 τήν
391 1343 523 1423 Λίγιναν
548 1345 751 1410 οίπαιτοῦσιν·
777 1345 829 1410 καί
851 1355 905 1422 τής
929 1347 1018 1422 νήσου
1042 1346 1098 1426 μὲν
1122 1347 1237 1422 ἐκείνης

180 1501 182 1504 v
222 1469 255 1533 ού
284 1464 483 1548 φροντίζουσ,
512 1467 588 1531 ἀλλ’
612 1462 660 1530 ἵνα
684 1471 790 1532 τοῦτον
813 1467 863 1532 τον
888 1470 1014 1543 ποιητήν
1034 1471 1235 1548 ύΦίλωυται.

222 1589 299 1654 ἄλλ’
325 1589 412 1667 ύμεῖς
436 1610 482 1653 τοι
502 1589 548 1667 μή
568 1590 637 1653 ποτ’
657 1585 778 1672 αφήθ·
798 1592 836 1662 ως
858 1589 1033 1672 κωμῳδήσει
1051 1589 1095 1655 τίς
1113 1589 1237 1656 δίκαια.

223 1709 318 1793 φησίν
334 1711 362 1776 δ’
375 1711 456 1786 ῦμοῦς
469 1708 575 1775 πολλοὶ
589 1709 720 1788 διδάξειν
732 1708 847 1788 ἀγάθ’,
860 1707 932 1776 ὥστ’
946 1712 1129 1790 εὐδαίμονας
1143 1707 1237 1790 εἶναι,

133 1831 187 1898 30.
223 1833 256 1898 ού
280 1828 445 1910 θωπεύων,
466 1832 526 1896 οὐδ’
552 1830 712 1897 ὑποτείνων
734 1829 885 1910 μισθούς,
909 1833 970 1898 οὐδ’
990 1831 1238 1913 ἐξαπατύλλων,

222 1954 289 2021 οὐδὲ
301 1959 491 2036 πανουργῶν,
500 1952 565 2020 οῦδὲ
577 1954 843 2040 κατοίρδων,οξλλο“ι
855 1955 898 2021 τὰ
910 1954 1067 2034 βέλτιστα
1080 1954 1238 2022 διδύσκων.

663 2217 711 2279 73.

348 2402 349 2406 ¹
381 2359 491 2430 over
510 2358 693 2442 riikdom
713 2376 765 2431 en
784 2360 987 2431 armoede.

525 2503 586 2574 (Ar.
606 2504 649 2559 121.
669 2503 840 2577 ιον-534.)

584 2639 785 2730 Ohremylus.

226 2789 355 2872 Φανερδν
374 2790 432 2870 μὲν
453 2789 549 2870 ἔνων·
570 2788 654 2869 οἶμαι
667 2794 789 2872 ’γνῶναι
810 2794 895 2859 τοῦτ’
916 2784 994 2858 εἶναι
1006 2793 1237 2874 πῦσινίμοίως,

225 2905 270 2977 ύτι
291 2912 363 2984 τοὺς
383 2912 536 2994 χρήστοὺς
556 2920 615 2979 τῶν
633 2912 798 2994 ανθρώπων
819 2910 852 2991 εύ
869 2912 1016 2997 προύττειν
1030 2916 1094 2981 ε’στί
1108 2915 1240 2994 δίκαιον,

223 3033 293 3107 τοὺς
313 3033 346 3099 δὲ
366 3034 507 3116 πονήροῦς
529 3035 582 3100 καί
602 3037 672 3108 τοὺς
694 3034 806 3108 ύθέους
825 3037 938 3103 τούτων
956 3038 1110 3104 τοίναντία
1125 3038 1238 3114 δήπου.

223 3156 309 3220 τοῦτ’
330 3149 380 3222 οῦν
401 3156 489 3234 ήμεῖς
508 3154 731 3237 ἐπιθυμοῦντες
750 3158 841 3239 μύλος
863 3155 985 3241 εῦρομεν
998 3157 1075 3226 ύστε
1087 3157 1238 3240 γενέσθαι

159 3275 189 3342 5.
224 3276 392 3358 βούλευμα
409 3278 504 3344 καλδν
525 3279 578 3345 καί
598 3288 737 3359 γενναῖον
759 3280 810 3347 καί
823 3281 974 3363 χρήσιμον
987 3283 1029 3355 εἰς
1041 3280 1129 3349 ἅπαν
1141 3281 1237 3363 ἔργον.

225 3400 260 3478 ήν
280 3400 343 3482 γὰρ
363 3401 377 3466 ί
396 3401 528 3475 πλοῦτος
546 3401 606 3467 νυνί
621 3401 730 3486 βλίψρ
748 3403 800 3469 καί
821 3406 865 3485 μή
878 3404 998 3485 τυφλὸς
1012 3403 1049 3470 ὢν
1062 3414 1219 3487 περινοστῇ
1228 3452 1238 3485 ,

224 3525 263 3597 ύς
280 3522 351 3596 τοὺς
372 3521 518 3603 ύναθοῦς
537 3528 596 3588 τῦν
616 3517 782 3606 οίνθρύπων
795 3524 954 3604 βαδιεῖται
968 3506 1043 3593 κούκ
1054 3528 1239 3607 ἀπολείψει,

225 3643 296 3717 τοὺς
317 3644 347 3710 δὲ
369 3644 512 3725 πονήροῦς
533 3644 586 3711 καί
608 3645 678 3720 τοὺς
699 3647 811 3720 οῦθέους
829 3645 1012 3730 Φευξεῦται·
1026 3646 1111 3735 κᾷτα
1125 3651 1241 3727 ποιήσει

225 3763 350 3839 πάντας
388 3767 541 3848 χρηστοὺς
573 3767 627 3832 καί
659 3772 869 3844 πλουτοῦντας
901 3770 997 3846 δήπου
1028 3770 1069 3837 τοί
1101 3795 1136 3837 τε
1168 3767 1243 3836 θεία

1059 3889 1242 3986 [σέβοντας.
