2700 4282
646 128 687 197 52

205 311 264 384 τίις
284 308 416 387 θηλείας
434 312 486 377 καί
506 311 576 386 τοὺς
597 313 683 387 υἱεῖς,
704 319 760 387 τοῖς
772 311 887 394 χειρίς,
902 312 963 390 ἐγὼ
977 310 1005 377 δ’
1017 314 1197 392 ἀκροῶμαι·

206 432 250 499 τοδ
265 433 297 498 δὲ
316 430 521 512 συγκύψανθ’
541 429 613 513 ίίμα
632 433 823 513 βληχῖιταν·
839 429 971 500 κᾶπειθ’
993 431 1007 497 ί
1028 432 1133 513 πατήρ
1146 431 1224 515 ύπὲρ

1104 553 1227 640 [αὐτῶν

207 675 306 758 ὥσπερ
330 673 401 740 θεδν
424 675 588 755 οίντιβολεῖ
607 700 650 754 με
674 675 790 757 τρέμαν
810 682 865 750 τοῖς
886 673 1018 751 εύθύνης
1039 675 1224 740 οίπολύσαι·

208 799 233 863 εί
257 798 314 874 μὲν
336 799 456 878 χαίρεις
480 797 567 881 αρνδς
592 803 699 882 φωνή,
724 797 832 872 παιδος
856 798 958 880 Φαυην
982 797 1146 873 ε’λεήσαις·

118 919 173 984 25.
208 919 237 986 εί
255 918 282 983 δ’
302 913 343 984 αὖ
358 927 420 992 τοῖς
433 917 584 1000 χοιριδίοις
596 919 707 1002 χαίροι,
721 918 880 999 θυγατρὸς
891 925 976 1003 φωνή
989 942 1031 997 με
1045 915 1228 987 πιθέσθαι.

207 1043 324 1123 χήμεῖς
348 1039 524 1122 αύτῷτίτε
540 1049 596 1117 τῆς
618 1042 709 1121 &Mc
730 1041 834 1120 ὀλίγον
853 1043 904 1109 τὸν
925 1038 1054 1107 κόλλοπ’
1077 1040 1231 1119 οίνεῖμεν.

208 1156 256 1245 ἆρ’
275 1164 307 1229 ού
326 1160 458 1242 μεχοίλη
477 1161 563 1230 τοῦτ’
577 1160 642 1228 ἔστ’
655 1162 738 1249 ιίρχη
752 1162 803 1228 καί
820 1167 873 1229 τοῦ
887 1161 1022 1228 πλούτου
1035 1163 1233 1245 καταχήνης

648 1443 697 1504 72.

136 1582 138 1586 ’
190 1585 250 1654 De
268 1583 531 1655 verdiensten
549 1598 633 1654 van
652 1599 728 1655 oen
749 1581 1151 1664 eomediesohrijver.

535 1726 616 1799 (λιιι.
637 1727 806 1799 628-659.)

210 1864 268 1940 Ἐξ
287 1859 321 1929 ού
339 1887 378 1941 γε
397 1869 530 1943 χοροῖσιν
545 1863 714 1944 ἐφέστηκεν
727 1870 879 1944 τρυγικοῖς
893 1862 907 1926 ὁ
921 1860 1109 1936 διδοίσκαλος
1125 1863 1229 1943 ήμῶν,

209 1983 296 2067 ούπνι
317 1982 439 2065 παρέβη
464 1983 536 2062 πρὸς
560 1985 594 2050 τὸ
615 1982 745 2065 θέατρον
768 1982 864 2060 λέξων
888 1986 926 2056 ὡς
949 1981 1046 2060 δεξιίς
1069 1984 1177 2051 ἐστιν·

211 2107 459 2186 διαβαλλόμενος
469 2105 497 2170 δ’
506 2106 563 2172 ὑπὸ
572 2112 631 2172 τῶν
640 2103 800 2188 ε’χθριῖνέν
810 2104 1223 2186 Ἀθηναίονςταχυβούλοις,

210 2231 249 2301 οῖς
273 2228 413 2310 κωμῳδεῖ
431 2228 486 2304 τήν
509 2226 598 2293 πίλιν
622 2230 704 2307 ήμῶν
728 2226 780 2293 καί
805 2232 857 2293 τὸν
880 2228 976 2304 δῆμον
998 2223 1209 2311 καθυβρίζει,

142 2354 174 2419 5.
208 2348 429 2432 οίποκρίνεσθαι
453 2351 553 2417 δεῖται
576 2350 635 2416 νυν)
661 2349 734 2431 πρὸς
758 2346 943 2426 ’Δθηναίους
967 2348 1212 2427 μεταβούλους.

210 2475 305 2558 Φησδν
328 2475 354 2540 δ’
379 2469 455 2540 εἶναι
480 2475 601 2539 πολλῶν
626 2469 759 2551 ιίχαθῶν
775 2467 868 2548 ἰ’ίξιος
892 2471 964 2548 ὑμῖν
988 2469 1003 2534 δ
1027 2473 1178 2552 ποιητής,

210 2597 337 2671 παύσας
362 2597 444 2672 ύμοῖς
468 2595 607 2672 ξενικοῖσι
632 2594 740 2672 λύγοιςΙ
759 2594 805 2670 μή
829 2593 900 2657 λίαν
924 2589 1176 2678 ἐξαπατᾶσθαι,

210 2714 289 2795 μήθ’
314 2714 443 2793 ήδεσθαι
465 2712 696 2793 θωπευομένους
720 2715 797 2792 μήτ’
822 2709 899 2779 εἶναι
923 2712 1177 2794 χαυνοπολίτας·

130 2917 132 2921 ,
211 2838 350 2921 πρίτερον
365 2837 391 2902 δ’
412 2837 495 2915 ύμῖις
515 2836 577 2902 οίπδ
598 2842 656 2902 τῶν
676 2835 793 2901 πόλεσιν
805 2837 832 2901 οἱ
845 2833 990 2915 πρέσβεις
1004 2831 1229 2911 ἐξαπατῶντες

124 2964 175 3027 10.
190 2970 192 2973 ’
210 2969 325 3042 πρῶτον
343 2961 401 3038 μὲν
420 2957 621 3039 ίοστεΦοίννυς
641 2957 788 3023 ἐκήλουν·
811 2956 942 3033 κοίπειδή
958 2954 1049 3031 τούτί
1064 2979 1112 3030 τις
1124 2955 1229 3037 είποι,

210 3080 302 3156 εὐθὺς
317 3082 368 3147 δνίι
380 3081 448 3154 τοὺς
464 3080 636 3159 στεΦιίνους
650 3079 702 3145 ἐπ’
716 3077 813 3159 οίκροιν
819 3086 878 3145 τῶν
887 3079 1035 3159 πυγιδίων
1043 3077 1228 3156 ε’κοίθησθε.

211 3207 236 3271 εί
257 3204 289 3270 δέ
313 3229 360 3276 τις
382 3204 464 3281 ύμοῖς
484 3200 710 3274 ὑποθωπεύσας
729 3201 865 3283 λιπαρὰς
886 3200 1046 3267 καλέσειεν
1064 3200 1228 3286 Ἀθήναις,

211 3323 312 3406 εύρετο
336 3329 400 3390 πῖιν
423 3324 461 3391 ίιν
484 3324 535 3388 διίι
559 3322 618 3395 τοῖς
634 3323 788 3404 λιπαροίς,
808 3322 917 3405 οίφύιον
936 3325 1028 3400 τιμήν
1047 3322 1230 3405 περιοίψας.

211 3451 318 3513 ταῦτα
340 3446 470 3522 πονήσας
492 3451 613 3510 πολλῶν
636 3442 769 3523 οίγαθοῖν
793 3443 890 3519 αίτιος
915 3445 987 3523 ὑμῖν
1010 3443 1206 3525 γεγένηται,

123 3572 176 3635 15.
212 3569 263 3634 καί
284 3567 354 3639 τοὺς
373 3567 484 3645 δήμους
497 3567 528 3631 έν
540 3573 611 3640 ταῖς
625 3566 750 3632 πόλεσιν
762 3564 876 3643 δείξας,
890 3567 928 3639 ὥς
941 3565 1230 3647 δημοκρατοῦνται.

120 3766 123 3773 ,
211 3688 367 3771 τοιγάρτοι
391 3693 441 3753 νῦν
462 3689 496 3752 ε’κ
518 3695 576 3754 τῶν
600 3689 718 3753 πόλεων
740 3689 792 3753 τὸν
815 3687 906 3770 φόρον
931 3688 1002 3766 ύμῖν
1025 3685 1212 3766 ιίποίγονπες

128 3894 130 3899 Ι
213 3810 349 3893 ήξουσιν,
375 3810 447 3876 ίδεῖν
470 3808 694 3905 ε’πνθυμοιῖντες
718 3810 770 3876 τὸν
794 3812 919 3886 ποιητήν
942 3810 994 3876 τὸν
1019 3807 1161 3892 ι’ίρνστον,
